%%%%%%%
% GDB %
%%%%%%%

@ONLINE {Demlova17,
    author = "Marie Demlová",
    title  = "Logika a grafy",
    month  = "nov",
    year   = 2017,
    cited = "14.\,11.\,2017",
    url    = "http://math.feld.cvut.cz/demlova/teaching/lgr/text_lgr_2017.pdf"
}

@Book{Lal15,
  author    = "Mahesh Lal",
  title     = "Neo4j Graph Data Modeling",
  publisher = "Packt Publishing Ltd.",
  address   = "Livery Street, Birmingham, UK",
  edition   = "1st",
  year      = 2015
}

@Book{Diestel00,
  author    = "Reinhard Diestel",
  title     = "Graph Theory",
  publisher = "Springer International Publishing AG",
  address   = "Spring Street, New York, USA",
  edition   = "2nd",
  year      = 2000
}

@ONLINE {Barnard93,
    author = "S. Barnard and A. Pothen and H. Simon",
    title  = "A spectral algorithm for envelope reduction of sparse matrices",
    month  = "feb",
    year   = 1993,
    cited = "21.\,11.\,2017",
    url    = "https://www.nas.nasa.gov/assets/pdf/techreports/1993/rnr-93-015.pdf"
}

@ONLINE {Boldi04,
    author = "P. Boldi and S. Vigna",
    title  = "The WebGraph Framework I: Compression Techniques",
    month  = "nov",
    year   = 2004,
    cited = "21.\,11.\,2017",
    url    = "http://citeseerx.ist.psu.edu/viewdoc/download?doi=10.1.1.2.993&rep=rep1&type=pdf"
}

@ONLINE {Anglels08,
    author = "R. Angels and C. Gutierrez",
    title  = "Survey of Graph Database Models",
    month  = "feb",
    year   = 2008,
    cited = "21.\,11.\,2017",
    url    = "https://www.cse.iitk.ac.in/users/smitr/PhD Resources/Survey of Graph Databases Models.pdf"
}

@Book{Leach05,
  author    = "Tapio Lahdenmäki and Michael Leach",
  title     = "Relational Database Index Design and the Optimizers",
  publisher = "A John Wiley and sons, Inc.",
  address   = "Hoboken, New Jersey, USA",
  edition   = "1st",
  year      = 2005
}

@Book{Cormen09,
  author    = "Thomas H. Cormen and Charles E. Leiserson and Ronald L. Rivest and Clifford Stein",
  title     = "Introduction to Algorithms",
  publisher = "The MIT Press",
  address   = "Cambridge, Massachusetts London, England",
  edition   = "3rd",
  year      = 2009
}

@ONLINE {Koutra11,
    author = "Danai Koutra and Ankur Parikh and Aaditya Ramdas and Jing Xiang",
    title  = "Algorithms for Graph Similarity and Subgraph Matching",
    month  = "dec",
    year   = 2011,
    cited = "25.\,11.\,2017",
    url    = "https://people.eecs.berkeley.edu/~aramdas/reports/DBreport.pdf"
}

@article{Cuthill69,
  author  = "Cuthill and McKee", 
  title   = "Reducing the bandwidth of sparse symmetric matrices",
  journal = "ACM Annual Conference",
  year    = 1969,
  pages   = "157-172"
}

@Book{Furaih98,
  author    = "I. Al-Furaih and S. Ranka",
  title     = "Memory hierarchy management for iterative graph structures",
  publisher = "IEEE",
  address   = "Orlando, FL, USA, USA",
  pages   = "298-302",
  edition   = "1st",
  year      = 1998
}

@article{Cuthill69,
  author  = "Cuthill and McKee", 
  title   = "Reducing the bandwidth of sparse symmetric matrices",
  journal = "ACM Annual Conference",
  year    = 1969,
  pages   = "157-172"
}

@article{Laney01,
  author    = "LANEY, D",
  title     = "3D Data Management: Controlling Data Volume, Velocity and Variety",
  journal = "META Group",
  pages   = "1-4",
  year      = 2001
}

@ONLINE {Evans09,
    author = "Evans, E",
    title  = "NoSQL: A Relational Database Management System",
    month  = "dec",
    year   = 2009,
    cited = "25.\,11.\,2017",
    url    = "http://blog.sym-link.com/2009/05/12/nosql_2009.html"
}

@ONLINE {Webber17,
    author = "Jim Webber and Ian Robinson ",
    title  = "The Top 5 Use Cases of Graph Databases",
    month  = "feb",
    year   = 2017,
    cited = "25.\,11.\,2017",
    url    = "https://neo4j.com/resources/top-use-cases-graph-databases-white-paper/"
}

@Book{Garey90,
  author    = "Garey, M. R. and Johnson, D. S.",
  title     = "Computers and Intractability: A Guide to the Theory of NP-Completeness",
  publisher = "W. H. Freeman and Co.",
  edition   = "1st",
  year      = 1990
}

@Book{George78,
  author    = "George, A. and Liu, J. W. H.",
  title     = "An automatic nested dissection algorithm for irregular finite element problems",
  publisher = "SIAM Journal on Numerical Analysis",
  pages   = "1053–1069",
  address = "Waterloo, Ontario, Canada",
  year      = 1978
}

@conference{Fiduccia82,
  author    = "Fiduccia, C. M. and Mattheyses, R. M. ",
  booktitle = "A linear-time heuristic for improving networkpartitions",
  title     = "SIAM Journal on Numerical Analysis",
  year      = 1982,
  pages     = "175—181"
}

@Book{Battiti99,
  author    = "Battiti, R. and Bertossi, A.",
  title     = "Greedy, prohibition, and reactive heuristics for graph partitioning",
  publisher = "IEEE Transactions on Computers",
  address   = "Orlando, FL, USA",
  pages   = "361-385",
  address = "Waterloo, Ontario, Canada",
  year      = 1999
}

@ONLINE {Yoo05,
    author = "Yoo, A. and Chow, E. and Henderson, K. and McLendon,W. and Hendrickson, B. and Catalyurek, U.",
    title  = "A scalable distributed parallel breadth-first search algorithm on BlueGene/L",
    month  = "may",
    year   = 2005,
    cited = "26.\,11.\,2017",
    url    = "http://citeseerx.ist.psu.edu/viewdoc/download?doi=10.1.1.129.7691&rep=rep1&type=pdf"
}

@Book{Sadalage13,
  author    = "Pramod J. Sadalage and Martin Fowler",
  title     = "NoSQL Distilled: A Brief Guide to the Emerging World of Polyglot Persistence",
  publisher = "Addison-Wesley",
  address   = "Upper Saddle River, New Jersey, USA",
  edition   = "3rd",
  year      = 2013
}


@ONLINE {Titan04,
    author = "Aurelius",
    title  = "Titan 0.4 Documentation",
    month  = "apr",
    year   = 2014,
    cited = "26.\,11.\,2017",
    url    = "http://titan.thinkaurelius.com/wikidoc/0.4.4/Home.html"
}

@conference{Yan04,
  author    = "Yan, X. and Yu, P. S. and Han, J.",
  booktitle = "Graph indexing: A frequent structure-based approach",
  title     = "Proceedings of the ACM SIGMOD International Conference on Management of Data",
  year      = 2004,
  pages     = "335-346"
}

@conference{Zhang07,
  author    = "Zhang, S. and Hu, M. and Yang, J.",
  booktitle = "TreePi: A novel graph indexing method",
  title     = "23rd International Conference on Data Engineering",
  year      = 2007,
  pages     = "966-975"
}

@conference{Giugno02,
  author    = "Giugno, R. and Shasha, D.",
  booktitle = "GraphGrep: A fast and universal method for querying graphs",
  title     = "In Ieee International Conference in Pattern Recognition",
  year      = 2002,
  pages     = "112-115"
}

@conference{Williams07,
  author    = "Williams, D. W. and Huan, J. and Wang, W.",
  booktitle = "Graph database indexing using structured graph decomposition",
  title     = "23rd International Conference on Data Engineering",
  year      = 2007,
  pages     = "976-985"
}

@conference{Jiang07,
  author    = "Jiang, H. and Wang, H. and Yu, P. S. and Zhou, S.",
  booktitle = "GString: A novel approach for efficient search in graph databases",
  title     = "23rd International Conference on Data Engineering",
  year      = 2007,
  pages     = "566-575"
}

@conference{Sakr09,
  author    = "Sakr, S.",
  booktitle = "GraphREL: A decompositionbased and selectivity-aware relational framework for processing sub-graph queries",
  title     = "14th International Conference on Database Systems for Advanced Applications",
  year      = 2009,
  pages     = "123-137"
}


%%%%%%%
% SOA %
%%%%%%%
@ONLINE {Box99,
    author = "Box, Kakivaya, et al. ",
    title  = "Logika a grafy",
    month  = "may",
    year   = 1999,
    cited = "30.\,10.\,2017",
    url    = "https://tools.ietf.org/html/draft-box-http-soap-01"
}

@ONLINE {Winner99,
    author = "Dave Winer",
    title  = "XML-RPC Specification",
    month  = "jun",
    year   = 1999,
    cited = "30.\,10.\,2017",
    url    = "http://xmlrpc.scripting.com/spec.html"
}

@Book{Laurent01,
  author    = "Simon St. Laurent, Joe Johnston and Edd Dumbill",
  title     = "Programming Web Services with XML-RPC",
  publisher = "O'Reilly",
  address   = "St George's Yard, Farnham Surrey, UK",
  edition   = "1st",
  year      = 2001
}

@ONLINE {W3C07,
    author = "World Wide Web Consortium (W3C)",
    title  = "SOAP Version 1.2 Part 2: Adjuncts (Second Edition)",
    month  = "apr",
    year   = 2007,
    cited = "31.\,10.\,2017",
    url    = "https://www.w3.org/TR/soap/"
}

@ONLINE {Box01,
    author = "Don Box",
    title  = "A Brief History of SOAP",
    month  = "apr",
    year   = 2001,
    cited = "31.\,10.\,2017",
    url    = "http://www.xml.com/pub/a/ws/2001/04/04/soap.html"
}